{\rtf1\ansi\ansicpg936\cocoartf2638
\cocoatextscaling0\cocoaplatform0{\fonttbl}
{\colortbl;\red255\green255\blue255;}
{\*\expandedcolortbl;;}
@article{power2022grokking,
  title={Grokking: Generalization beyond overfitting on small algorithmic datasets},
  author={Power, Alethea and Burda, Yuri and Edwards, Harri and Babuschkin, Igor and Misra, Vedant},
  journal={arXiv preprint arXiv:2201.02177},
  year={2022}
}
\paperw11900\paperh16840\margl1440\margr1440\vieww11520\viewh8400\viewkind0
}